@article{devlin2018bert,
	title={Bert: Pre-training of deep bidirectional transformers for language understanding},
	author={Devlin, Jacob and Chang, Ming-Wei and Lee, Kenton and Toutanova, Kristina},
	journal={arXiv preprint arXiv:1810.04805},
	year={2018}
}

@article{cui2021pre,
	title={Pre-training with whole word masking for chinese bert},
	author={Cui, Yiming and Che, Wanxiang and Liu, Ting and Qin, Bing and Yang, Ziqing},
	journal={IEEE/ACM Transactions on Audio, Speech, and Language Processing},
	volume={29},
	pages={3504--3514},
	year={2021},
	publisher={IEEE}
}